<record><leader>00000cas a22000007a 4500</leader><controlfield tag="001">17015641</controlfield><controlfield tag="008">871123d18871892nyuwr ne      0    0eng d</controlfield><datafield ind1=" " ind2=" " tag="010"><subfield code="a">sn 87070442 </subfield></datafield><datafield ind1=" " ind2=" " tag="040"><subfield code="a">NYS</subfield><subfield code="b">eng</subfield><subfield code="c">NYS</subfield><subfield code="d">OCLCQ</subfield><subfield code="d">OCLCF</subfield><subfield code="d">OCLCO</subfield></datafield><datafield ind1="1" ind2=" " tag="029"><subfield code="a">AU@</subfield><subfield code="b">000025798239</subfield></datafield><datafield ind1=" " ind2=" " tag="042"><subfield code="a">msc</subfield></datafield><datafield ind1=" " ind2=" " tag="043"><subfield code="a">n-us-ny</subfield></datafield><datafield ind1="0" ind2=" " tag="130"><subfield code="a">Northern tribune (Gouverneur, N.Y. : 1887)</subfield></datafield><datafield ind1="1" ind2="0" tag="245"><subfield code="a">Northern tribune.</subfield></datafield><datafield ind1=" " ind2=" " tag="260"><subfield code="a">Gouverneur, N.Y. :</subfield><subfield code="b">Gouverneur Pub.,</subfield><subfield code="c">1887-1892.</subfield></datafield><datafield ind1=" " ind2=" " tag="300"><subfield code="a">6 v.</subfield></datafield><datafield ind1=" " ind2=" " tag="310"><subfield code="a">Weekly</subfield></datafield><datafield ind1="0" ind2=" " tag="362"><subfield code="a">Vol. 1, no. 1 (June 4, 1887)-v. 6, no. 1 (May 28, 1892).</subfield></datafield><datafield ind1=" " ind2="0" tag="651"><subfield code="a">Gouverneur (N.Y.)</subfield><subfield code="v">Newspapers.</subfield></datafield><datafield ind1=" " ind2="0" tag="651"><subfield code="a">Saint Lawrence County (N.Y.)</subfield><subfield code="v">Newspapers.</subfield></datafield><datafield ind1=" " ind2="7" tag="655"><subfield code="a">Newspapers.</subfield><subfield code="2">fast</subfield><subfield code="0">(OCoLC)fst01423814</subfield></datafield><datafield ind1=" " ind2="7" tag="651"><subfield code="a">New York (State)</subfield><subfield code="z">Gouverneur.</subfield><subfield code="2">fast</subfield><subfield code="0">(OCoLC)fst01221346</subfield></datafield><datafield ind1=" " ind2="7" tag="651"><subfield code="a">New York (State)</subfield><subfield code="z">Saint Lawrence County.</subfield><subfield code="2">fast</subfield><subfield code="0">(OCoLC)fst01202920</subfield></datafield><datafield ind1=" " ind2=" " tag="752"><subfield code="a">United States</subfield><subfield code="b">New York</subfield><subfield code="c">St. Lawrence</subfield><subfield code="d">Gouverneur.</subfield></datafield><datafield ind1="0" ind2="7" tag="785"><subfield code="t">Gouverneur herald-times</subfield><subfield code="w">(DLC)sn 84031346</subfield><subfield code="w">(OCoLC)10928154</subfield></datafield><datafield ind1="0" ind2="7" tag="785"><subfield code="t">Northern tribune and Gouverneur herald-times</subfield><subfield code="w">(DLC)sn 87070441</subfield><subfield code="w">(OCoLC)17015704</subfield></datafield></record>